@article{bryant2000assessing,
  title={Assessing the validity of measurement.},
  author={Bryant, Fred B},
  year={2000},
  publisher={American Psychological Association}
}
@book{vernon2014personality,
  title={Personality Assessment (Psychology Revivals): A Critical Survey},
  author={Vernon, Philip E},
  year={2014},
  publisher={Routledge}
}
@article{bock1981marginal,
  title={Marginal maximum likelihood estimation of item parameters: Application of an EM algorithm},
  author={Bock, R Darrell and Aitkin, Murray},
  journal={Psychometrika},
  volume={46},
  number={4},
  pages={443--459},
  year={1981},
  publisher={Springer}
}
@article{camilli1992conceptual,
  title={A conceptual analysis of differential item functioning in terms of a multidimensional item response model},
  author={Camilli, Gregory},
  journal={Applied Psychological Measurement},
  volume={16},
  number={2},
  pages={129--147},
  year={1992},
  publisher={Sage Publications Sage CA: Thousand Oaks, CA}
}
@article{ackerman1992didactic,
  title={A didactic explanation of item bias, item impact, and item validity from a multidimensional perspective},
  author={Ackerman, Terry A},
  journal={Journal of educational measurement},
  volume={29},
  number={1},
  pages={67--91},
  year={1992},
  publisher={Wiley Online Library}
}
@article{kopf2015framework,
  title={A framework for anchor methods and an iterative forward approach for DIF detection},
  author={Kopf, Julia and Zeileis, Achim and Strobl, Carolin},
  journal={Applied Psychological Measurement},
  volume={39},
  number={2},
  pages={83--103},
  year={2015},
  publisher={Sage Publications Sage CA: Los Angeles, CA}
}
@article{meade2012solving,
  title={Solving the measurement invariance anchor item problem in item response theory.},
  author={Meade, Adam W and Wright, Natalie A},
  journal={Journal of Applied Psychology},
  volume={97},
  number={5},
  pages={1016},
  year={2012},
  publisher={American Psychological Association}
}
@article{edelen2006identification,
  title={Identification of differential item functioning using item response theory and the likelihood-based model comparison approach: application to the Mini-Mental State Examination},
  author={Edelen, Maria Orlando and Thissen, David and Teresi, Jeanne A and Kleinman, Marjorie and Ocepek-Welikson, Katja},
  journal={Medical Care},
  pages={S134--S142},
  year={2006},
  publisher={JSTOR}
}
@article{stark2006detecting,
  title={Detecting differential item functioning with confirmatory factor analysis and item response theory: Toward a unified strategy.},
  author={Stark, Stephen and Chernyshenko, Oleksandr S and Drasgow, Fritz},
  journal={Journal of Applied Psychology},
  volume={91},
  number={6},
  pages={1292},
  year={2006},
  publisher={American Psychological Association}
}
@article{andrich2012real,
  title={Real and artificial differential item functioning},
  author={Andrich, David and Hagquist, Curt},
  journal={Journal of Educational and Behavioral Statistics},
  volume={37},
  number={3},
  pages={387--416},
  year={2012},
  publisher={Sage Publications Sage CA: Los Angeles, CA}
}
@article{drasgow1987study,
  title={Study of the measurement bias of two standardized psychological tests.},
  author={Drasgow, Fritz},
  journal={Journal of Applied psychology},
  volume={72},
  number={1},
  pages={19},
  year={1987},
  publisher={American Psychological Association}
}
@techreport{strobl2018anchor,
  title={Anchor point selection: An approach for anchoring without anchor items},
  author={Strobl, Carolin and Kopf, Julia and Hartmann, Raphael and Zeileis, Achim},
  year={2018},
  institution={Working Papers in Economics and Statistics}
}
@article{talbot2013taking,
  title={Taking an item-level approach to measuring change with the force and motion conceptual evaluation: An application of item response theory},
  author={Talbot III, Robert M},
  journal={School Science and Mathematics},
  volume={113},
  number={7},
  pages={356--365},
  year={2013},
  publisher={Wiley Online Library}
}
@article{chalmers2018numerical,
  title={Numerical approximation of the observed information matrix with Oakes' identity},
  author={Chalmers, R Philip},
  journal={British Journal of Mathematical and Statistical Psychology},
  volume={71},
  number={3},
  pages={415--436},
  year={2018},
  publisher={Wiley Online Library}
}
@article{yang2012characterizing,
  title={Characterizing sources of uncertainty in item response theory scale scores},
  author={Yang, Ji Seung and Hansen, Mark and Cai, Li},
  journal={Educational and psychological measurement},
  volume={72},
  number={2},
  pages={264--290},
  year={2012},
  publisher={Sage Publications Sage CA: Los Angeles, CA}
}
@article{woods2009empirical,
  title={Empirical selection of anchors for tests of differential item functioning},
  author={Woods, Carol M},
  journal={Applied Psychological Measurement},
  volume={33},
  number={1},
  pages={42--57},
  year={2009},
  publisher={Sage Publications Sage CA: Los Angeles, CA}
}
@article{bechger2015statistical,
  title={A statistical test for differential item pair functioning},
  author={Bechger, Timo M and Maris, Gunter},
  journal={Psychometrika},
  volume={80},
  number={2},
  pages={317--340},
  year={2015},
  publisher={Springer}
}
@article{pohl2017cluster,
  title={Cluster-based anchor item identification and selection},
  author={Pohl, Steffi and Stets, Eric and Carstensen, Claus H},
  year={2017},
  publisher={Leibniz Institut for Educational Trajectories, National Educational Panel~â€¦}
}
@article{hastie2001estimating,
  title={Estimating the number of data clusters via the Gap statistic},
  author={Hastie, Trevor and Tibshirani, Robert and Walther, Guenther},
  journal={J Roy Stat Soc B},
  volume={63},
  pages={411--423},
  year={2001}
}
@article{gini1912variabilita,
  title={Variabilit{\`a} e mutabilit{\`a} (Variability and Mutability)},
  author={Gini, Corrado},
  journal={Tipografia di Paolo Cuppini, Bologna, Italy},
  pages={156},
  year={1912}
}
@article{chitiga2015income,
  title={Income inequality and limitations of the Gini index: The case of South Africa},
  author={Chitiga, Margaret and Sekyere, E and Tsoanamatsie, N},
  journal={Human Sciences Research Council (HSRC), available at: http://www. hsrc. ac. za/en/review/hsrc-review-november-2014/limitations-of-gini-index, site accessed},
  volume={2},
  year={2015}
}
@article{stocking1983developing,
  title={Developing a common metric in item response theory},
  author={Stocking, Martha L and Lord, Frederic M},
  journal={Applied psychological measurement},
  volume={7},
  number={2},
  pages={201--210},
  year={1983},
  publisher={Sage Publications Sage CA: Thousand Oaks, CA}
}
@article{chalmers2016might,
  title={It might not make a big DIF: Improved differential test functioning statistics that account for sampling variability},
  author={Chalmers, R Philip and Counsell, Alyssa and Flora, David B},
  journal={Educational and Psychological Measurement},
  volume={76},
  number={1},
  pages={114--140},
  year={2016},
  publisher={Sage Publications Sage CA: Los Angeles, CA}
}
@article{swaminathan1990detecting,
  title={Detecting differential item functioning using logistic regression procedures},
  author={Swaminathan, Hariharan and Rogers, H Jane},
  journal={Journal of Educational measurement},
  volume={27},
  number={4},
  pages={361--370},
  year={1990},
  publisher={Wiley Online Library}
}
@article{holland1986differential,
  title={Differential item functioning and the Mantel-Haenszel procedure},
  author={Holland, Paul W and Thayer, Dorothy T},
  journal={ETS Research Report Series},
  volume={1986},
  number={2},
  pages={i--24},
  year={1986},
  publisher={Wiley Online Library}
}
@article{thissen1993detection,
  title={Detection of differential item functioning using the parameters of item response models.},
  author={Thissen, David and Steinberg, Lynne and Wainer, Howard},
  year={1993},
  publisher={Lawrence Erlbaum Associates, Inc}
}
@book{lord1980,
  title={Applications of item response theory to practical testing problems},
  author={Lord, Frederic M},
  year={1980},
  publisher={Routledge}
}
@article{raju1988area,
  title={The area between two item characteristic curves},
  author={Raju, Nambury S},
  journal={Psychometrika},
  volume={53},
  number={4},
  pages={495--502},
  year={1988},
  publisher={Springer}
}
@article{magis2011generalized,
  title={A generalized logistic regression procedure to detect differential item functioning among multiple groups},
  author={Magis, David and Raiche, Gilles and Beland, Sebastien and Gerard, Paul},
  journal={International Journal of Testing},
  volume={11},
  number={4},
  pages={365--386},
  year={2011},
  publisher={Taylor \& Francis}
}
@article{magis2015detection,
  title={Detection of differential item functioning using the lasso approach},
  author={Magis, David and Tuerlinckx, Francis and De Boeck, Paul},
  journal={Journal of Educational and Behavioral Statistics},
  volume={40},
  number={2},
  pages={111--135},
  year={2015},
  publisher={Sage Publications Sage CA: Los Angeles, CA}
}
@article{hagquist2017recent,
  title={Recent advances in analysis of differential item functioning in health research using the Rasch model},
  author={Hagquist, Curt and Andrich, David},
  journal={Health and quality of life outcomes},
  volume={15},
  number={1},
  pages={181},
  year={2017},
  publisher={BioMed Central}
}
@article{walker2017using,
  title={Using a multidimensional IRT framework to better understand differential item functioning (DIF): a tale of three DIF detection procedures},
  author={Walker, Cindy M and Gocer Sahin, Sakine},
  journal={Educational and psychological measurement},
  volume={77},
  number={6},
  pages={945--970},
  year={2017},
  publisher={SAGE Publications Sage CA: Los Angeles, CA}
}
@inproceedings{sympson1978model,
  title={A model for testing with multidimensional items},
  author={Sympson, James B},
  booktitle={Proceedings of the 1977 computerized adaptive testing conference},
  number={00014},
  year={1978}
}
@article{demars2016partially,
  title={Partially compensatory multidimensional item response theory models: Two alternate model forms},
  author={DeMars, Christine E},
  journal={Educational and psychological measurement},
  volume={76},
  number={2},
  pages={231--257},
  year={2016},
  publisher={SAGE Publications Sage CA: Los Angeles, CA}
}
@article{ackerman1994using,
  title={Using multidimensional item response theory to understand what items and tests are measuring},
  author={Ackerman, Terry A},
  journal={Applied Measurement in Education},
  volume={7},
  number={4},
  pages={255--278},
  year={1994},
  publisher={Taylor \& Francis}
}
@article{lord1986maximum,
  title={Maximum likelihood and Bayesian parameter estimation in item response theory},
  author={Lord, Frederic M},
  journal={Journal of Educational Measurement},
  volume={23},
  number={2},
  pages={157--162},
  year={1986},
  publisher={Wiley Online Library}
}
@Manual{rcore,
    title = {R: A Language and Environment for Statistical Computing},
    author = {{R Core Team}},
    organization = {R Foundation for Statistical Computing},
    address = {Vienna, Austria},
    year = {2019},
    url = {https://www.R-project.org/},
}
@article{chalmers2012mirt,
  title={mirt: A multidimensional item response theory package for the R environment},
  author={Chalmers, R Philip},
  journal={Journal of Statistical Software},
  volume={48},
  number={6},
  pages={1--29},
  year={2012}
}
@Manual{tidy,
    title = {tidyverse: Easily Install and Load the 'Tidyverse'},
    author = {Hadley Wickham},
    year = {2017},
    note = {R package version 1.2.1},
    url = {https://CRAN.R-project.org/package=tidyverse},
}
@article{thissen1986taxonomy,
  title={A taxonomy of item response models},
  author={Thissen, David and Steinberg, Lynne},
  journal={Psychometrika},
  volume={51},
  number={4},
  pages={567--577},
  year={1986},
  publisher={Springer}
}
@article{wang2012dif,
  title={The DIF-free-then-DIF strategy for the assessment of differential item functioning},
  author={Wang, Wen-Chung and Shih, Ching-Lin and Sun, Guo-Wei},
  journal={Educational and Psychological Measurement},
  volume={72},
  number={4},
  pages={687--708},
  year={2012},
  publisher={Sage Publications Sage CA: Los Angeles, CA}
}
@article{furlow2009impact,
  title={The impact of multidimensionality on the detection of differential bundle functioning using simultaneous item bias test},
  author={Furlow, Carolyn F and Raiford Ross, Terris and Gagn{\'e}, Phill},
  journal={Applied Psychological Measurement},
  volume={33},
  number={6},
  pages={441--464},
  year={2009},
  publisher={SAGE Publications Sage CA: Los Angeles, CA}
}
@article{kirisci2001robustness,
  title={Robustness of item parameter estimation programs to assumptions of unidimensionality and normality},
  author={Kirisci, Levent and Hsu, Tse-chi and Yu, Lifa},
  journal={Applied psychological measurement},
  volume={25},
  number={2},
  pages={146--162},
  year={2001},
  publisher={Sage Publications Sage CA: Thousand Oaks, CA}
}
@article{cook1987problems,
  title={Problems related to the use of conventional and item response theory equating methods in less than optimal circumstances},
  author={Cook, Linda L and Paterson, Nancy S},
  journal={Applied Psychological Measurement},
  volume={11},
  number={3},
  pages={225--244},
  year={1987},
  publisher={Sage Publications Sage CA: Thousand Oaks, CA}
}
@article{topczewski2013comparison,
  title={A Comparison of Four Linear Equating Methods for the Common-Item Nonequivalent Groups Design Using Simulation Methods. ACT Research Report Series, 2013 (2).},
  author={Topczewski, Anna and Cui, Zhongmin and Woodruff, David and Chen, Hanwei and Fang, Yu},
  journal={ACT, Inc.},
  year={2013},
  publisher={ERIC}
}
@article{zimowskimuraki,
  title={Muraki, e., Mislevy, RJ, \& Bock, R. d.(1996)},
  author={Zimowski, MF},
  journal={BILOG-MG: Multiplegroup IRT analysis and test maintenance for binary items [Computer software]}
}
@article{thissen1986taxonomy,
  title={A taxonomy of item response models},
  author={Thissen, David and Steinberg, Lynne},
  journal={Psychometrika},
  volume={51},
  number={4},
  pages={567--577},
  year={1986},
  publisher={Springer}
}
@inproceedings{sympson1978model,
  title={A model for testing with multidimensional items},
  author={Sympson, James B},
  booktitle={Proceedings of the 1977 computerized adaptive testing conference},
  number={00014},
  year={1978}
}
@book{hambleton1991fundamentals,
  title={Fundamentals of item response theory},
  author={Hambleton, Ronald K and Swaminathan, Hariharan and Rogers, H Jane},
  year={1991},
  publisher={Sage}
}
@article{min2010digital,
  title={From the digital divide to the democratic divide: Internet skills, political interest, and the second-level digital divide in political internet use},
  author={Min, Seong-Jae},
  journal={Journal of Information Technology \& Politics},
  volume={7},
  number={1},
  pages={22--35},
  year={2010},
  publisher={Taylor \& Francis}
}
@article{reardon2019validation,
  title={Validation methods for aggregate-level test scale linking: A case study mapping school district test score distributions to a common scale},
  author={Reardon, Sean F and Kalogrides, Demetra and Ho, Andrew D},
  journal={Journal of Educational and Behavioral Statistics},
  pages={1076998619874089},
  year={2019},
  publisher={SAGE Publications Sage CA: Los Angeles, CA}
}
@article{amtmann2010development,
  title={Development of a PROMIS item bank to measure pain interference},
  author={Amtmann, Dagmar and Cook, Karon F and Jensen, Mark P and Chen, Wen-Hung and Choi, Seung and Revicki, Dennis and Cella, David and Rothrock, Nan and Keefe, Francis and Callahan, Leigh and others},
  journal={Pain},
  volume={150},
  number={1},
  pages={173--182},
  year={2010},
  publisher={Elsevier}
}
@article{kang2009model,
  title={Model selection indices for polytomous items},
  author={Kang, Taehoon and Cohen, Allan S and Sung, Hyun-Jung},
  journal={Applied Psychological Measurement},
  volume={33},
  number={7},
  pages={499--518},
  year={2009},
  publisher={Sage Publications Sage CA: Los Angeles, CA}
}
@article{wickham2017package,
  title={Package tidyverse},
  author={Wickham, Hadley and Wickham, Maintainer Hadley},
  journal={Easily Install and Load the â€˜Tidyverse},
  year={2017}
}
@article{chalmers2012mirt,
  title={mirt: A multidimensional item response theory package for the R environment},
  author={Chalmers, R Philip and others},
  journal={Journal of Statistical Software},
  volume={48},
  number={6},
  pages={1--29},
  year={2012}
}
@article{gelfand1994bayesian,
  title={Bayesian model choice: asymptotics and exact calculations},
  author={Gelfand, Alan E and Dey, Dipak K},
  journal={Journal of the Royal Statistical Society: Series B (Methodological)},
  volume={56},
  number={3},
  pages={501--514},
  year={1994},
  publisher={Wiley Online Library}
}
@article{geisser1979predictive,
  title={A predictive approach to model selection},
  author={Geisser, Seymour and Eddy, William F},
  journal={Journal of the American Statistical Association},
  volume={74},
  number={365},
  pages={153--160},
  year={1979},
  publisher={Taylor \& Francis Group}
}
@article{bolt2003estimation,
  title={Estimation of compensatory and noncompensatory multidimensional item response models using Markov chain Monte Carlo},
  author={Bolt, Daniel M and Lall, Venessa F},
  journal={Applied Psychological Measurement},
  volume={27},
  number={6},
  pages={395--414},
  year={2003},
  publisher={Sage Publications}
}
@article{bolt2001mixture,
  title={A mixture item response model for multiple-choice data},
  author={Bolt, Daniel M and Cohen, Allan S and Wollack, James A},
  journal={Journal of Educational and Behavioral Statistics},
  volume={26},
  number={4},
  pages={381--409},
  year={2001},
  publisher={Sage Publications Sage CA: Los Angeles, CA}
}
@article{mislevy1982implementation,
  title={Implementation of the EM Algorithm in the Estimation of Item Parameters: The BILOG Computer Program.},
  author={Mislevy, Robert J and Bock, R Darrell},
  year={1982},
  publisher={ERIC}
}
@article{lord1977practical,
  title={Practical applications of item characteristic curve theory},
  author={Lord, Frederic M},
  journal={Journal of Educational Measurement},
  volume={14},
  number={2},
  pages={117--138},
  year={1977},
  publisher={Wiley Online Library}
}
@article{harrell1996multivariable,
  title={Multivariable prognostic models: issues in developing models, evaluating assumptions and adequacy, and measuring and reducing errors},
  author={Harrell Jr, Frank E and Lee, Kerry L and Mark, Daniel B},
  journal={Statistics in medicine},
  volume={15},
  number={4},
  pages={361--387},
  year={1996},
  publisher={Wiley Online Library}
}
@book{murphy2012machine,
  title={Machine learning: a probabilistic perspective},
  author={Murphy, Kevin P},
  year={2012},
  publisher={MIT press}
}
@article{zhang2019bayesian,
  title={Bayesian Model Selection Methods for Multilevel IRT Models: A Comparison of Five DIC-Based Indices},
  author={Zhang, Xue and Tao, Jian and Wang, Chun and Shi, Ning-Zhong},
  journal={Journal of Educational Measurement},
  volume={56},
  number={1},
  pages={3--27},
  year={2019},
  publisher={Wiley Online Library}
}
@article{maydeu2013goodness,
  title={Goodness-of-fit assessment of item response theory models},
  author={Maydeu-Olivares, Alberto},
  journal={Measurement: Interdisciplinary Research and Perspectives},
  volume={11},
  number={3},
  pages={71--101},
  year={2013},
  publisher={Taylor \& Francis}
}
@article{holland1990sampling,
  title={On the sampling theory roundations of item response theory models},
  author={Holland, Paul W},
  journal={Psychometrika},
  volume={55},
  number={4},
  pages={577--601},
  year={1990},
  publisher={Springer}
}
@article{little1983jointly,
  title={On jointly estimating parameters and missing data by maximizing the complete-data likelihood},
  author={Little, Roderick JA and Rubin, Donald B},
  journal={The American Statistician},
  volume={37},
  number={3},
  pages={218--220},
  year={1983},
  publisher={Taylor \& Francis}
}
@article{chiu2013comment,
  title={Comment on 3PL IRT adjustment for guessing},
  author={Chiu, Ting-Wei and Camilli, Gregory},
  journal={Applied Psychological Measurement},
  volume={37},
  number={1},
  pages={76--86},
  year={2013},
  publisher={Sage Publications Sage CA: Los Angeles, CA}
}
@article{partchev20093pl,
  title={3PL: A useful model with a mild estimation problem},
  author={Partchev, Ivailo},
  year={2009},
  publisher={Taylor \& Francis}
}
@article{beguin2001mcmc,
  title={MCMC estimation and some model-fit analysis of multidimensional IRT models},
  author={B{\'e}guin, Anton A and Glas, Ceec AW},
  journal={Psychometrika},
  volume={66},
  number={4},
  pages={541--561},
  year={2001},
  publisher={Springer}
}
@article{baker1991comparison,
  title={A comparison of two procedures for computing IRT equating coefficients},
  author={Baker, Frank B and Al-Karni, Ali},
  journal={Journal of Educational Measurement},
  volume={28},
  number={2},
  pages={147--162},
  year={1991},
  publisher={Wiley Online Library}
}
@article{luo2017performances,
  title={Performances of LOO and WAIC as IRT model selection methods},
  author={Luo, Yong and Al-Harbi, Khaleel},
  journal={Psychological Test and Assessment Modeling},
  volume={59},
  number={2},
  pages={183},
  year={2017},
  publisher={PABST Science Publishers}
}
@article{casabianca2015irt,
  title={IRT Item Parameter Recovery With Marginal Maximum Likelihood Estimation Using Loglinear Smoothing Models},
  author={Casabianca, Jodi M and Lewis, Charles},
  journal={Journal of Educational and Behavioral Statistics},
  volume={40},
  number={6},
  pages={547--578},
  year={2015},
  publisher={SAGE Publications Sage CA: Los Angeles, CA}
}
@article{chalmers2012mirt,
  title={mirt: A multidimensional item response theory package for the R environment},
  author={Chalmers, R Philip and others},
  journal={Journal of Statistical Software},
  volume={48},
  number={6},
  pages={1--29},
  year={2012}
}
@article{vehtari2017practical,
  title={Practical Bayesian model evaluation using leave-one-out cross-validation and WAIC},
  author={Vehtari, Aki and Gelman, Andrew and Gabry, Jonah},
  journal={Statistics and Computing},
  volume={27},
  number={5},
  pages={1413--1432},
  year={2017},
  publisher={Springer}
}
@book{baker2004item,
  title={Item response theory: Parameter estimation techniques},
  author={Baker, Frank B and Kim, Seock-Ho},
  year={2004},
  publisher={CRC Press}
}
@article{fries2005promise,
  title={The promise of PROMIS: using item response theory to improve assessment of patient-reported outcomes},
  author={Fries, James F and Bruce, Bonnie and Cella, David},
  journal={Clinical and experimental rheumatology},
  volume={23},
  number={5},
  pages={S53},
  year={2005},
  publisher={Clinical and Experimental Rheumatology SAS}
}
@article{de2008random,
  title={Random item IRT models},
  author={De Boeck, Paul},
  journal={Psychometrika},
  volume={73},
  number={4},
  pages={533},
  year={2008},
  publisher={Springer}
}
@phdthesis{furr2017bayesian,
  title={Bayesian and frequentist cross-validation methods for explanatory item response models},
  author={Furr, Daniel Coulter},
  year={2017},
  school={UC Berkeley}
}
@article{mcdonald1995goodness,
  title={Goodness of fit in item response models},
  author={McDonald, Roderick P and Mok, Magdalena M-C},
  journal={Multivariate Behavioral Research},
  volume={30},
  number={1},
  pages={23--40},
  year={1995},
  publisher={Taylor \& Francis}
}
@article{gelman2014understanding,
  title={Understanding predictive information criteria for Bayesian models},
  author={Gelman, Andrew and Hwang, Jessica and Vehtari, Aki},
  journal={Statistics and computing},
  volume={24},
  number={6},
  pages={997--1016},
  year={2014},
  publisher={Springer}
}
@book{borsboom2005measuring,
  title={Measuring the mind: Conceptual issues in contemporary psychometrics},
  author={Borsboom, Denny},
  year={2005},
  publisher={Cambridge University Press}
}
@book{lord1968statistical,
  title={Statistical theories of mental test scores},
  author={Lord, Frederic M and Novick, Melvin R},
  year={1968},
  publisher={IAP}
}
@article{kang2007irt,
  title={IRT model selection methods for dichotomous items},
  author={Kang, Taehoon and Cohen, Allan S},
  journal={Applied Psychological Measurement},
  volume={31},
  number={4},
  pages={331--358},
  year={2007},
  publisher={Sage Publications Sage CA: Los Angeles, CA}
}
@article{bock1981marginal,
  title={Marginal maximum likelihood estimation of item parameters: Application of an EM algorithm},
  author={Bock, R Darrell and Aitkin, Murray},
  journal={Psychometrika},
  volume={46},
  number={4},
  pages={443--459},
  year={1981},
  publisher={Springer}
}
@article{edwards2010markov,
  title={A Markov chain Monte Carlo approach to confirmatory item factor analysis},
  author={Edwards, Michael C},
  journal={Psychometrika},
  volume={75},
  number={3},
  pages={474--497},
  year={2010},
  publisher={Springer}
}
@Manual{rcore,
    title = {R: A Language and Environment for Statistical Computing},
    author = {{R Core Team}},
    organization = {R Foundation for Statistical Computing},
    address = {Vienna, Austria},
    year = {2018},
    url = {https://www.R-project.org/},
  }
@Manual{R-papaja,
  author = {Frederik Aust and Marius Barth},
  title = {{papaja}: {Create} {APA} manuscripts with {R Markdown}},
  year = {2018},
  note = {R package version 0.1.0.9842},
  url = {https://github.com/crsh/papaja},
}
@Manual{R-kableExtra,
  title = {kableExtra: Construct Complex Table with 'kable' and Pipe Syntax},
  author = {Hao Zhu},
  year = {2019},
  note = {R package version 1.0.1},
  url = {https://CRAN.R-project.org/package=kableExtra},
}
@Book{R-knitr,
  title = {Dynamic Documents with {R} and knitr},
  author = {Yihui Xie},
  publisher = {Chapman and Hall/CRC},
  address = {Boca Raton, Florida},
  year = {2015},
  edition = {2nd},
  note = {ISBN 978-1498716963},
  url = {https://yihui.name/knitr/},
}
@Manual{R-dplyr,
  title = {dplyr: A Grammar of Data Manipulation},
  author = {Hadley Wickham and Romain FranÃ§ois and Lionel Henry and Kirill MÃ¼ller},
  year = {2019},
  note = {R package version 0.8.1},
  url = {https://CRAN.R-project.org/package=dplyr},
}
@Manual{R-forcats,
  title = {forcats: Tools for Working with Categorical Variables (Factors)},
  author = {Hadley Wickham},
  year = {2019},
  note = {R package version 0.4.0},
  url = {https://CRAN.R-project.org/package=forcats},
}
@Book{R-ggplot2,
  author = {Hadley Wickham},
  title = {ggplot2: Elegant Graphics for Data Analysis},
  publisher = {Springer-Verlag New York},
  year = {2016},
  isbn = {978-3-319-24277-4},
  url = {http://ggplot2.org},
}
@Manual{R-purrr,
  title = {purrr: Functional Programming Tools},
  author = {Lionel Henry and Hadley Wickham},
  year = {2019},
  note = {R package version 0.3.2},
  url = {https://CRAN.R-project.org/package=purrr},
}
@Manual{R-readr,
  title = {readr: Read Rectangular Text Data},
  author = {Hadley Wickham and Jim Hester and Romain Francois},
  year = {2018},
  note = {R package version 1.3.1},
  url = {https://CRAN.R-project.org/package=readr},
}
@Manual{R-stringr,
  title = {stringr: Simple, Consistent Wrappers for Common String Operations},
  author = {Hadley Wickham},
  year = {2019},
  note = {R package version 1.4.0},
  url = {https://CRAN.R-project.org/package=stringr},
}
@Manual{R-tibble,
  title = {tibble: Simple Data Frames},
  author = {Kirill MÃ¼ller and Hadley Wickham},
  year = {2019},
  note = {R package version 2.1.1},
  url = {https://CRAN.R-project.org/package=tibble},
}
@Manual{R-tidyr,
  title = {tidyr: Easily Tidy Data with 'spread()' and 'gather()' Functions},
  author = {Hadley Wickham and Lionel Henry},
  year = {2019},
  note = {R package version 0.8.3},
  url = {https://CRAN.R-project.org/package=tidyr},
}
@Manual{R-tidyverse,
  title = {tidyverse: Easily Install and Load the 'Tidyverse'},
  author = {Hadley Wickham},
  year = {2017},
  note = {R package version 1.2.1},
  url = {https://CRAN.R-project.org/package=tidyverse},
}
@Manual{R-afex,
  title = {afex: Analysis of Factorial Experiments},
  author = {Henrik Singmann and Ben Bolker and Jake Westfall and Frederik Aust},
  year = {2019},
  note = {R package version 0.23-0},
  url = {https://CRAN.R-project.org/package=afex},
}
@Article{R-lme4,
  title = {Fitting Linear Mixed-Effects Models Using {lme4}},
  author = {Douglas Bates and Martin M{\"a}chler and Ben Bolker and Steve Walker},
  journal = {Journal of Statistical Software},
  year = {2015},
  volume = {67},
  number = {1},
  pages = {1--48},
  doi = {10.18637/jss.v067.i01},
}
@Manual{R-Matrix,
  title = {Matrix: Sparse and Dense Matrix Classes and Methods},
  author = {Douglas Bates and Martin Maechler},
  year = {2018},
  note = {R package version 1.2-15},
  url = {https://CRAN.R-project.org/package=Matrix},
}
@Manual{R-base,
  title = {R: A Language and Environment for Statistical Computing},
  author = {{R Core Team}},
  organization = {R Foundation for Statistical Computing},
  address = {Vienna, Austria},
  year = {2018},
  url = {https://www.R-project.org/},
}
@article{svetina2016dimensionality,
  title={Dimensionality in compensatory MIRT when complex structure exists: Evaluation of DETECT and NOHARM},
  author={Svetina, Dubravka and Levy, Roy},
  journal={The Journal of Experimental Education},
  volume={84},
  number={2},
  pages={398--420},
  year={2016},
  publisher={Taylor \& Francis}
}
@article{feuerstahlercharacterizing,
  title={Characterizing Uncertainty in Item Response Model Metrics},
  author={Feuerstahler, Leah},
  year={2019},
}
@book{fenson2002macarthur,
  title={MacArthur Communicative Development Inventories: User's guide and technical manual},
  author={Fenson, Larry},
  year={2002},
  publisher={Paul H. Brookes}
}
@article{wordbank,
  title={Variability and Consistency in Early Language Learning},
  author={Frank, Michael and Braginsky, Mika and Marchman, Virginia and Yurovsky, Daniel},
  journal={Child development},
  year={2020},
  publisher={The Wordbank Project}
}
@book{holland2012differential,
  title={Differential item functioning},
  author={Holland, Paul W and Wainer, Howard},
  year={2012},
  publisher={Routledge}
}
@article{stark2006detecting,
  title={Detecting differential item functioning with confirmatory factor analysis and item response theory: Toward a unified strategy.},
  author={Stark, Stephen and Chernyshenko, Oleksandr S and Drasgow, Fritz},
  journal={Journal of Applied Psychology},
  volume={91},
  number={6},
  pages={1292},
  year={2006},
  publisher={American Psychological Association}
}
@article{meade2012solving,
  title={Solving the measurement invariance anchor item problem in item response theory.},
  author={Meade, Adam W and Wright, Natalie A},
  journal={Journal of Applied Psychology},
  volume={97},
  number={5},
  pages={1016},
  year={2012},
  publisher={American Psychological Association}
}
@article{vehtari2017practical,
  title={Practical Bayesian model evaluation using leave-one-out cross-validation and WAIC},
  author={Vehtari, Aki and Gelman, Andrew and Gabry, Jonah},
  journal={Statistics and computing},
  volume={27},
  number={5},
  pages={1413--1432},
  year={2017},
  publisher={Springer}
}
@article{kaiser1959computer,
  title={Computer program for varimax rotation in factor analysis},
  author={Kaiser, Henry F},
  journal={Educational and psychological measurement},
  volume={19},
  number={3},
  pages={413--420},
  year={1959},
  publisher={Sage Publications Sage CA: Thousand Oaks, CA}
}
@book{embretson2013item,
  title={Item response theory},
  author={Embretson, Susan E and Reise, Steven P},
  year={2000},
  publisher={Psychology Press}
}
@article{immekus2019multidimensional,
  title={Multidimensional Item Response Theory for Factor Structure Assessment in Educational Psychology Research},
  author={Immekus, JC and Snyder, KE and Ralston, PA},
  journal={Front. Educ. 4: 45. doi: 10.3389/feduc},
  year={2019}
}
@article{ul2020discrimination,
  title={Discrimination with unidimensional and multidimensional item response theory models for educational data},
  author={Ul Hassan, Mahmood and Miller, Frank},
  journal={Communications in Statistics-Simulation and Computation},
  pages={1--21},
  year={2020},
  publisher={Taylor \& Francis}
}
@article{bolt2003estimation,
  title={Estimation of compensatory and noncompensatory multidimensional item response models using Markov chain Monte Carlo},
  author={Bolt, Daniel M and Lall, Venessa F},
  journal={Applied Psychological Measurement},
  volume={27},
  number={6},
  pages={395--414},
  year={2003},
  publisher={Sage Publications}
}
@article{bock1981marginal,
  title={Marginal maximum likelihood estimation of item parameters: Application of an EM algorithm},
  author={Bock, R Darrell and Aitkin, Murray},
  journal={Psychometrika},
  volume={46},
  number={4},
  pages={443--459},
  year={1981},
  publisher={Springer}
}
@article{camilli1992conceptual,
  title={A conceptual analysis of differential item functioning in terms of a multidimensional item response model},
  author={Camilli, Gregory},
  journal={Applied Psychological Measurement},
  volume={16},
  number={2},
  pages={129--147},
  year={1992},
  publisher={Sage Publications Sage CA: Thousand Oaks, CA}
}
@article{ackerman1992didactic,
  title={A didactic explanation of item bias, item impact, and item validity from a multidimensional perspective},
  author={Ackerman, Terry A},
  journal={Journal of educational measurement},
  volume={29},
  number={1},
  pages={67--91},
  year={1992},
  publisher={Wiley Online Library}
}
@article{kopf2015framework,
  title={A framework for anchor methods and an iterative forward approach for DIF detection},
  author={Kopf, Julia and Zeileis, Achim and Strobl, Carolin},
  journal={Applied Psychological Measurement},
  volume={39},
  number={2},
  pages={83--103},
  year={2015},
  publisher={Sage Publications Sage CA: Los Angeles, CA}
}
@article{meade2012solving,
  title={Solving the measurement invariance anchor item problem in item response theory.},
  author={Meade, Adam W and Wright, Natalie A},
  journal={Journal of Applied Psychology},
  volume={97},
  number={5},
  pages={1016},
  year={2012},
  publisher={American Psychological Association}
}
@article{edelen2006identification,
  title={Identification of differential item functioning using item response theory and the likelihood-based model comparison approach: application to the Mini-Mental State Examination},
  author={Edelen, Maria Orlando and Thissen, David and Teresi, Jeanne A and Kleinman, Marjorie and Ocepek-Welikson, Katja},
  journal={Medical Care},
  pages={S134--S142},
  year={2006},
  publisher={JSTOR}
}
@article{stark2006detecting,
  title={Detecting differential item functioning with confirmatory factor analysis and item response theory: Toward a unified strategy.},
  author={Stark, Stephen and Chernyshenko, Oleksandr S and Drasgow, Fritz},
  journal={Journal of Applied Psychology},
  volume={91},
  number={6},
  pages={1292},
  year={2006},
  publisher={American Psychological Association}
}
@article{andrich2012real,
  title={Real and artificial differential item functioning},
  author={Andrich, David and Hagquist, Curt},
  journal={Journal of Educational and Behavioral Statistics},
  volume={37},
  number={3},
  pages={387--416},
  year={2012},
  publisher={Sage Publications Sage CA: Los Angeles, CA}
}
@article{drasgow1987study,
  title={Study of the measurement bias of two standardized psychological tests.},
  author={Drasgow, Fritz},
  journal={Journal of Applied psychology},
  volume={72},
  number={1},
  pages={19},
  year={1987},
  publisher={American Psychological Association}
}
@techreport{strobl2018anchor,
  title={Anchor point selection: An approach for anchoring without anchor items},
  author={Strobl, Carolin and Kopf, Julia and Hartmann, Raphael and Zeileis, Achim},
  year={2018},
  institution={Working Papers in Economics and Statistics}
}
@article{talbot2013taking,
  title={Taking an item-level approach to measuring change with the force and motion conceptual evaluation: An application of item response theory},
  author={Talbot III, Robert M},
  journal={School Science and Mathematics},
  volume={113},
  number={7},
  pages={356--365},
  year={2013},
  publisher={Wiley Online Library}
}
@article{chalmers2018numerical,
  title={Numerical approximation of the observed information matrix with Oakes' identity},
  author={Chalmers, R Philip},
  journal={British Journal of Mathematical and Statistical Psychology},
  volume={71},
  number={3},
  pages={415--436},
  year={2018},
  publisher={Wiley Online Library}
}
@article{yang2012characterizing,
  title={Characterizing sources of uncertainty in item response theory scale scores},
  author={Yang, Ji Seung and Hansen, Mark and Cai, Li},
  journal={Educational and psychological measurement},
  volume={72},
  number={2},
  pages={264--290},
  year={2012},
  publisher={Sage Publications Sage CA: Los Angeles, CA}
}
@article{woods2009empirical,
  title={Empirical selection of anchors for tests of differential item functioning},
  author={Woods, Carol M},
  journal={Applied Psychological Measurement},
  volume={33},
  number={1},
  pages={42--57},
  year={2009},
  publisher={Sage Publications Sage CA: Los Angeles, CA}
}
@article{bechger2015statistical,
  title={A statistical test for differential item pair functioning},
  author={Bechger, Timo M and Maris, Gunter},
  journal={Psychometrika},
  volume={80},
  number={2},
  pages={317--340},
  year={2015},
  publisher={Springer}
}
@article{pohl2017cluster,
  title={Cluster-based anchor item identification and selection},
  author={Pohl, Steffi and Stets, Eric and Carstensen, Claus H},
  year={2017},
  publisher={Leibniz Institut for Educational Trajectories, National Educational Panel~â€¦}
}
@article{hastie2001estimating,
  title={Estimating the number of data clusters via the Gap statistic},
  author={Hastie, Trevor and Tibshirani, Robert and Walther, Guenther},
  journal={J Roy Stat Soc B},
  volume={63},
  pages={411--423},
  year={2001}
}
@article{gini1912variabilita,
  title={Variabilit{\`a} e mutabilit{\`a} (Variability and Mutability)},
  author={Gini, Corrado},
  journal={Tipografia di Paolo Cuppini, Bologna, Italy},
  pages={156},
  year={1912}
}
@article{chitiga2015income,
  title={Income inequality and limitations of the Gini index: The case of South Africa},
  author={Chitiga, Margaret and Sekyere, E and Tsoanamatsie, N},
  journal={Human Sciences Research Council (HSRC), available at: http://www. hsrc. ac. za/en/review/hsrc-review-november-2014/limitations-of-gini-index, site accessed},
  volume={2},
  year={2015}
}
@article{stocking1983developing,
  title={Developing a common metric in item response theory},
  author={Stocking, Martha L and Lord, Frederic M},
  journal={Applied psychological measurement},
  volume={7},
  number={2},
  pages={201--210},
  year={1983},
  publisher={Sage Publications Sage CA: Thousand Oaks, CA}
}
@article{chalmers2016might,
  title={It might not make a big DIF: Improved differential test functioning statistics that account for sampling variability},
  author={Chalmers, R Philip and Counsell, Alyssa and Flora, David B},
  journal={Educational and Psychological Measurement},
  volume={76},
  number={1},
  pages={114--140},
  year={2016},
  publisher={Sage Publications Sage CA: Los Angeles, CA}
}
@article{swaminathan1990detecting,
  title={Detecting differential item functioning using logistic regression procedures},
  author={Swaminathan, Hariharan and Rogers, H Jane},
  journal={Journal of Educational measurement},
  volume={27},
  number={4},
  pages={361--370},
  year={1990},
  publisher={Wiley Online Library}
}
@article{holland1986differential,
  title={Differential item functioning and the Mantel-Haenszel procedure},
  author={Holland, Paul W and Thayer, Dorothy T},
  journal={ETS Research Report Series},
  volume={1986},
  number={2},
  pages={i--24},
  year={1986},
  publisher={Wiley Online Library}
}
@article{thissen1993detection,
  title={Detection of differential item functioning using the parameters of item response models.},
  author={Thissen, David and Steinberg, Lynne and Wainer, Howard},
  year={1993},
  publisher={Lawrence Erlbaum Associates, Inc}
}
@book{lord1980,
  title={Applications of item response theory to practical testing problems},
  author={Lord, Frederic M},
  year={1980},
  publisher={Routledge}
}
@article{raju1988area,
  title={The area between two item characteristic curves},
  author={Raju, Nambury S},
  journal={Psychometrika},
  volume={53},
  number={4},
  pages={495--502},
  year={1988},
  publisher={Springer}
}
@article{magis2011generalized,
  title={A generalized logistic regression procedure to detect differential item functioning among multiple groups},
  author={Magis, David and Raiche, Gilles and B{\'e}land, S{\'e}bastien and G{\'e}rard, Paul},
  journal={International Journal of Testing},
  volume={11},
  number={4},
  pages={365--386},
  year={2011},
  publisher={Taylor \& Francis}
}
@article{hagquist2017recent,
  title={Recent advances in analysis of differential item functioning in health research using the Rasch model},
  author={Hagquist, Curt and Andrich, David},
  journal={Health and quality of life outcomes},
  volume={15},
  number={1},
  pages={181},
  year={2017},
  publisher={BioMed Central}
}
@article{walker2017using,
  title={Using a multidimensional IRT framework to better understand differential item functioning (DIF): a tale of three DIF detection procedures},
  author={Walker, Cindy M and Gocer Sahin, Sakine},
  journal={Educational and psychological measurement},
  volume={77},
  number={6},
  pages={945--970},
  year={2017},
  publisher={SAGE Publications Sage CA: Los Angeles, CA}
}
@inproceedings{sympson1978model,
  title={A model for testing with multidimensional items},
  author={Sympson, James B},
  booktitle={Proceedings of the 1977 computerized adaptive testing conference},
  number={00014},
  year={1978}
}
@article{demars2016partially,
  title={Partially compensatory multidimensional item response theory models: Two alternate model forms},
  author={DeMars, Christine E},
  journal={Educational and psychological measurement},
  volume={76},
  number={2},
  pages={231--257},
  year={2016},
  publisher={SAGE Publications Sage CA: Los Angeles, CA}
}
@article{ackerman1994using,
  title={Using multidimensional item response theory to understand what items and tests are measuring},
  author={Ackerman, Terry A},
  journal={Applied Measurement in Education},
  volume={7},
  number={4},
  pages={255--278},
  year={1994},
  publisher={Taylor \& Francis}
}
@article{lord1986maximum,
  title={Maximum likelihood and Bayesian parameter estimation in item response theory},
  author={Lord, Frederic M},
  journal={Journal of Educational Measurement},
  volume={23},
  number={2},
  pages={157--162},
  year={1986},
  publisher={Wiley Online Library}
}
@Manual{rcore,
    title = {R: A Language and Environment for Statistical Computing},
    author = {{R Core Team}},
    organization = {R Foundation for Statistical Computing},
    address = {Vienna, Austria},
    year = {2019},
    url = {https://www.R-project.org/},
}
@article{chalmers2012mirt,
  title={mirt: A multidimensional item response theory package for the R environment},
  author={Chalmers, R Philip},
  journal={Journal of Statistical Software},
  volume={48},
  number={6},
  pages={1--29},
  year={2012}
}
@Manual{tidy,
    title = {tidyverse: Easily Install and Load the 'Tidyverse'},
    author = {Hadley Wickham},
    year = {2017},
    note = {R package version 1.2.1},
    url = {https://CRAN.R-project.org/package=tidyverse},
}
@article{thissen1986taxonomy,
  title={A taxonomy of item response models},
  author={Thissen, David and Steinberg, Lynne},
  journal={Psychometrika},
  volume={51},
  number={4},
  pages={567--577},
  year={1986},
  publisher={Springer}
}
@article{wang2012dif,
  title={The DIF-free-then-DIF strategy for the assessment of differential item functioning},
  author={Wang, Wen-Chung and Shih, Ching-Lin and Sun, Guo-Wei},
  journal={Educational and Psychological Measurement},
  volume={72},
  number={4},
  pages={687--708},
  year={2012},
  publisher={Sage Publications Sage CA: Los Angeles, CA}
}
@article{furlow2009impact,
  title={The impact of multidimensionality on the detection of differential bundle functioning using simultaneous item bias test},
  author={Furlow, Carolyn F and Raiford Ross, Terris and Gagn{\'e}, Phill},
  journal={Applied Psychological Measurement},
  volume={33},
  number={6},
  pages={441--464},
  year={2009},
  publisher={SAGE Publications Sage CA: Los Angeles, CA}
}
@article{kirisci2001robustness,
  title={Robustness of item parameter estimation programs to assumptions of unidimensionality and normality},
  author={Kirisci, Levent and Hsu, Tse-chi and Yu, Lifa},
  journal={Applied psychological measurement},
  volume={25},
  number={2},
  pages={146--162},
  year={2001},
  publisher={Sage Publications Sage CA: Thousand Oaks, CA}
}
@article{cook1987problems,
  title={Problems related to the use of conventional and item response theory equating methods in less than optimal circumstances},
  author={Cook, Linda L and Paterson, Nancy S},
  journal={Applied Psychological Measurement},
  volume={11},
  number={3},
  pages={225--244},
  year={1987},
  publisher={Sage Publications Sage CA: Thousand Oaks, CA}
}
@article{topczewski2013comparison,
  title={A Comparison of Four Linear Equating Methods for the Common-Item Nonequivalent Groups Design Using Simulation Methods. ACT Research Report Series, 2013 (2).},
  author={Topczewski, Anna and Cui, Zhongmin and Woodruff, David and Chen, Hanwei and Fang, Yu},
  journal={ACT, Inc.},
  year={2013},
  publisher={ERIC}
}
@article{zimowskimuraki,
  title={Muraki, e., Mislevy, RJ, \& Bock, R. d.(1996)},
  author={Zimowski, MF},
  journal={BILOG-MG: Multiplegroup IRT analysis and test maintenance for binary items [Computer software]}
}
@article{munro2019latent,
  title={Latent Dirichlet Analysis of Categorical Survey Responses},
  author={Munro, Evan and Ng, Serena},
  journal={arXiv preprint arXiv:1910.04883},
  year={2019}
}
@article{lopez2009effects,
  title={The effects of referent item parameters on differential item functioning detection using the free baseline likelihood ratio test},
  author={Lopez Rivas, Gabriel E and Stark, Stephen and Chernyshenko, Oleksandr S},
  journal={Applied Psychological Measurement},
  volume={33},
  number={4},
  pages={251--265},
  year={2009},
  publisher={Sage Publications Sage CA: Los Angeles, CA}
}
@article{vansteelandt2001formal,
  title={Formal models for contextualized personality psychology},
  author={Vansteelandt, Kristof},
  year={2001}
}
@article{smits2004inhibition,
  title={The inhibition of verbally aggressive behaviour},
  author={Smits, Dirk JM and De Boeck, Paul and Vansteelandt, Kristof},
  journal={European Journal of Personality},
  volume={18},
  number={7},
  pages={537--555},
  year={2004},
  publisher={Wiley Online Library}
}
@article{de2008random,
  title={Random item IRT models},
  author={De Boeck, Paul},
  journal={Psychometrika},
  volume={73},
  number={4},
  pages={533},
  year={2008},
  publisher={Springer}
}
@article{magis2010general,
  title={A general framework and an R package for the detection of dichotomous differential item functioning},
  author={Magis, David and B{\'e}land, S{\'e}bastien and Tuerlinckx, Francis and De Boeck, Paul},
  journal={Behavior research methods},
  volume={42},
  number={3},
  pages={847--862},
  year={2010},
  publisher={Springer}
}
@article{kang2009model,
  title={Model selection indices for polytomous items},
  author={Kang, Taehoon and Cohen, Allan S and Sung, Hyun-Jung},
  journal={Applied Psychological Measurement},
  volume={33},
  number={7},
  pages={499--518},
  year={2009},
  publisher={Sage Publications Sage CA: Los Angeles, CA}
}
@article{wickham2017package,
  title={Package tidyverse},
  author={Wickham, Hadley and Wickham, Maintainer Hadley},
  journal={Easily Install and Load the â€˜Tidyverse},
  year={2017}
}
@article{chalmers2012mirt,
  title={mirt: A multidimensional item response theory package for the R environment},
  author={Chalmers, R Philip and others},
  journal={Journal of Statistical Software},
  volume={48},
  number={6},
  pages={1--29},
  year={2012}
}
@article{gelfand1994bayesian,
  title={Bayesian model choice: asymptotics and exact calculations},
  author={Gelfand, Alan E and Dey, Dipak K},
  journal={Journal of the Royal Statistical Society: Series B (Methodological)},
  volume={56},
  number={3},
  pages={501--514},
  year={1994},
  publisher={Wiley Online Library}
}
@article{geisser1979predictive,
  title={A predictive approach to model selection},
  author={Geisser, Seymour and Eddy, William F},
  journal={Journal of the American Statistical Association},
  volume={74},
  number={365},
  pages={153--160},
  year={1979},
  publisher={Taylor \& Francis Group}
}
@article{bolt2003estimation,
  title={Estimation of compensatory and noncompensatory multidimensional item response models using Markov chain Monte Carlo},
  author={Bolt, Daniel M and Lall, Venessa F},
  journal={Applied Psychological Measurement},
  volume={27},
  number={6},
  pages={395--414},
  year={2003},
  publisher={Sage Publications}
}
@article{bolt2001mixture,
  title={A mixture item response model for multiple-choice data},
  author={Bolt, Daniel M and Cohen, Allan S and Wollack, James A},
  journal={Journal of Educational and Behavioral Statistics},
  volume={26},
  number={4},
  pages={381--409},
  year={2001},
  publisher={Sage Publications Sage CA: Los Angeles, CA}
}
@article{mislevy1982implementation,
  title={Implementation of the EM Algorithm in the Estimation of Item Parameters: The BILOG Computer Program.},
  author={Mislevy, Robert J and Bock, R Darrell},
  year={1982},
  publisher={ERIC}
}
@article{lord1977practical,
  title={Practical applications of item characteristic curve theory},
  author={Lord, Frederic M},
  journal={Journal of Educational Measurement},
  volume={14},
  number={2},
  pages={117--138},
  year={1977},
  publisher={Wiley Online Library}
}
@article{harrell1996multivariable,
  title={Multivariable prognostic models: issues in developing models, evaluating assumptions and adequacy, and measuring and reducing errors},
  author={Harrell Jr, Frank E and Lee, Kerry L and Mark, Daniel B},
  journal={Statistics in medicine},
  volume={15},
  number={4},
  pages={361--387},
  year={1996},
  publisher={Wiley Online Library}
}
@book{murphy2012machine,
  title={Machine learning: a probabilistic perspective},
  author={Murphy, Kevin P},
  year={2012},
  publisher={MIT press}
}
@article{zhang2019bayesian,
  title={Bayesian Model Selection Methods for Multilevel IRT Models: A Comparison of Five DIC-Based Indices},
  author={Zhang, Xue and Tao, Jian and Wang, Chun and Shi, Ning-Zhong},
  journal={Journal of Educational Measurement},
  volume={56},
  number={1},
  pages={3--27},
  year={2019},
  publisher={Wiley Online Library}
}
@article{maydeu2013goodness,
  title={Goodness-of-fit assessment of item response theory models},
  author={Maydeu-Olivares, Alberto},
  journal={Measurement: Interdisciplinary Research and Perspectives},
  volume={11},
  number={3},
  pages={71--101},
  year={2013},
  publisher={Taylor \& Francis}
}
@article{holland1990sampling,
  title={On the sampling theory roundations of item response theory models},
  author={Holland, Paul W},
  journal={Psychometrika},
  volume={55},
  number={4},
  pages={577--601},
  year={1990},
  publisher={Springer}
}
@article{little1983jointly,
  title={On jointly estimating parameters and missing data by maximizing the complete-data likelihood},
  author={Little, Roderick JA and Rubin, Donald B},
  journal={The American Statistician},
  volume={37},
  number={3},
  pages={218--220},
  year={1983},
  publisher={Taylor \& Francis}
}
@article{chiu2013comment,
  title={Comment on 3PL IRT adjustment for guessing},
  author={Chiu, Ting-Wei and Camilli, Gregory},
  journal={Applied Psychological Measurement},
  volume={37},
  number={1},
  pages={76--86},
  year={2013},
  publisher={Sage Publications Sage CA: Los Angeles, CA}
}
@article{partchev20093pl,
  title={3PL: A useful model with a mild estimation problem},
  author={Partchev, Ivailo},
  year={2009},
  publisher={Taylor \& Francis}
}
@article{beguin2001mcmc,
  title={MCMC estimation and some model-fit analysis of multidimensional IRT models},
  author={B{\'e}guin, Anton A and Glas, Ceec AW},
  journal={Psychometrika},
  volume={66},
  number={4},
  pages={541--561},
  year={2001},
  publisher={Springer}
}
@article{baker1991comparison,
  title={A comparison of two procedures for computing IRT equating coefficients},
  author={Baker, Frank B and Al-Karni, Ali},
  journal={Journal of Educational Measurement},
  volume={28},
  number={2},
  pages={147--162},
  year={1991},
  publisher={Wiley Online Library}
}
@article{luo2017performances,
  title={Performances of LOO and WAIC as IRT model selection methods},
  author={Luo, Yong and Al-Harbi, Khaleel},
  journal={Psychological Test and Assessment Modeling},
  volume={59},
  number={2},
  pages={183},
  year={2017},
  publisher={PABST Science Publishers}
}
@article{casabianca2015irt,
  title={IRT Item Parameter Recovery With Marginal Maximum Likelihood Estimation Using Loglinear Smoothing Models},
  author={Casabianca, Jodi M and Lewis, Charles},
  journal={Journal of Educational and Behavioral Statistics},
  volume={40},
  number={6},
  pages={547--578},
  year={2015},
  publisher={SAGE Publications Sage CA: Los Angeles, CA}
}
@article{chalmers2012mirt,
  title={mirt: A multidimensional item response theory package for the R environment},
  author={Chalmers, R Philip and others},
  journal={Journal of Statistical Software},
  volume={48},
  number={6},
  pages={1--29},
  year={2012}
}
@article{vehtari2017practical,
  title={Practical Bayesian model evaluation using leave-one-out cross-validation and WAIC},
  author={Vehtari, Aki and Gelman, Andrew and Gabry, Jonah},
  journal={Statistics and Computing},
  volume={27},
  number={5},
  pages={1413--1432},
  year={2017},
  publisher={Springer}
}
@book{baker2004item,
  title={Item response theory: Parameter estimation techniques},
  author={Baker, Frank B and Kim, Seock-Ho},
  year={2004},
  publisher={CRC Press}
}
@article{fries2005promise,
  title={The promise of PROMIS: using item response theory to improve assessment of patient-reported outcomes},
  author={Fries, James F and Bruce, Bonnie and Cella, David},
  journal={Clinical and experimental rheumatology},
  volume={23},
  number={5},
  pages={S53},
  year={2005},
  publisher={Clinical and Experimental Rheumatology SAS}
}
@article{de2008random,
  title={Random item IRT models},
  author={De Boeck, Paul},
  journal={Psychometrika},
  volume={73},
  number={4},
  pages={533},
  year={2008},
  publisher={Springer}
}
@phdthesis{furr2017bayesian,
  title={Bayesian and frequentist cross-validation methods for explanatory item response models},
  author={Furr, Daniel Coulter},
  year={2017},
  school={UC Berkeley}
}
@article{mcdonald1995goodness,
  title={Goodness of fit in item response models},
  author={McDonald, Roderick P and Mok, Magdalena M-C},
  journal={Multivariate Behavioral Research},
  volume={30},
  number={1},
  pages={23--40},
  year={1995},
  publisher={Taylor \& Francis}
}
@article{gelman2014understanding,
  title={Understanding predictive information criteria for Bayesian models},
  author={Gelman, Andrew and Hwang, Jessica and Vehtari, Aki},
  journal={Statistics and computing},
  volume={24},
  number={6},
  pages={997--1016},
  year={2014},
  publisher={Springer}
}
@book{borsboom2005measuring,
  title={Measuring the mind: Conceptual issues in contemporary psychometrics},
  author={Borsboom, Denny},
  year={2005},
  publisher={Cambridge University Press}
}
@book{lord1968statistical,
  title={Statistical theories of mental test scores},
  author={Lord, Frederic M and Novick, Melvin R},
  year={1968},
  publisher={IAP}
}
@article{kang2007irt,
  title={IRT model selection methods for dichotomous items},
  author={Kang, Taehoon and Cohen, Allan S},
  journal={Applied Psychological Measurement},
  volume={31},
  number={4},
  pages={331--358},
  year={2007},
  publisher={Sage Publications Sage CA: Los Angeles, CA}
}
@article{bock1981marginal,
  title={Marginal maximum likelihood estimation of item parameters: Application of an EM algorithm},
  author={Bock, R Darrell and Aitkin, Murray},
  journal={Psychometrika},
  volume={46},
  number={4},
  pages={443--459},
  year={1981},
  publisher={Springer}
}
@article{edwards2010markov,
  title={A Markov chain Monte Carlo approach to confirmatory item factor analysis},
  author={Edwards, Michael C},
  journal={Psychometrika},
  volume={75},
  number={3},
  pages={474--497},
  year={2010},
  publisher={Springer}
}
@Manual{rcore,
    title = {R: A Language and Environment for Statistical Computing},
    author = {{R Core Team}},
    organization = {R Foundation for Statistical Computing},
    address = {Vienna, Austria},
    year = {2018},
    url = {https://www.R-project.org/},
  }
@Manual{R-papaja,
  author = {Frederik Aust and Marius Barth},
  title = {{papaja}: {Create} {APA} manuscripts with {R Markdown}},
  year = {2018},
  note = {R package version 0.1.0.9842},
  url = {https://github.com/crsh/papaja},
}
@Manual{R-kableExtra,
  title = {kableExtra: Construct Complex Table with 'kable' and Pipe Syntax},
  author = {Hao Zhu},
  year = {2019},
  note = {R package version 1.0.1},
  url = {https://CRAN.R-project.org/package=kableExtra},
}
@Book{R-knitr,
  title = {Dynamic Documents with {R} and knitr},
  author = {Yihui Xie},
  publisher = {Chapman and Hall/CRC},
  address = {Boca Raton, Florida},
  year = {2015},
  edition = {2nd},
  note = {ISBN 978-1498716963},
  url = {https://yihui.name/knitr/},
}
@Manual{R-dplyr,
  title = {dplyr: A Grammar of Data Manipulation},
  author = {Hadley Wickham and Romain FranÃ§ois and Lionel Henry and Kirill MÃ¼ller},
  year = {2019},
  note = {R package version 0.8.1},
  url = {https://CRAN.R-project.org/package=dplyr},
}
@Manual{R-forcats,
  title = {forcats: Tools for Working with Categorical Variables (Factors)},
  author = {Hadley Wickham},
  year = {2019},
  note = {R package version 0.4.0},
  url = {https://CRAN.R-project.org/package=forcats},
}
@Book{R-ggplot2,
  author = {Hadley Wickham},
  title = {ggplot2: Elegant Graphics for Data Analysis},
  publisher = {Springer-Verlag New York},
  year = {2016},
  isbn = {978-3-319-24277-4},
  url = {http://ggplot2.org},
}
@Manual{R-purrr,
  title = {purrr: Functional Programming Tools},
  author = {Lionel Henry and Hadley Wickham},
  year = {2019},
  note = {R package version 0.3.2},
  url = {https://CRAN.R-project.org/package=purrr},
}
@Manual{R-readr,
  title = {readr: Read Rectangular Text Data},
  author = {Hadley Wickham and Jim Hester and Romain Francois},
  year = {2018},
  note = {R package version 1.3.1},
  url = {https://CRAN.R-project.org/package=readr},
}
@Manual{R-stringr,
  title = {stringr: Simple, Consistent Wrappers for Common String Operations},
  author = {Hadley Wickham},
  year = {2019},
  note = {R package version 1.4.0},
  url = {https://CRAN.R-project.org/package=stringr},
}
@Manual{R-tibble,
  title = {tibble: Simple Data Frames},
  author = {Kirill MÃ¼ller and Hadley Wickham},
  year = {2019},
  note = {R package version 2.1.1},
  url = {https://CRAN.R-project.org/package=tibble},
}
@Manual{R-tidyr,
  title = {tidyr: Easily Tidy Data with 'spread()' and 'gather()' Functions},
  author = {Hadley Wickham and Lionel Henry},
  year = {2019},
  note = {R package version 0.8.3},
  url = {https://CRAN.R-project.org/package=tidyr},
}
@Manual{R-tidyverse,
  title = {tidyverse: Easily Install and Load the 'Tidyverse'},
  author = {Hadley Wickham},
  year = {2017},
  note = {R package version 1.2.1},
  url = {https://CRAN.R-project.org/package=tidyverse},
}
@Manual{R-afex,
  title = {afex: Analysis of Factorial Experiments},
  author = {Henrik Singmann and Ben Bolker and Jake Westfall and Frederik Aust},
  year = {2019},
  note = {R package version 0.23-0},
  url = {https://CRAN.R-project.org/package=afex},
}
@Article{R-lme4,
  title = {Fitting Linear Mixed-Effects Models Using {lme4}},
  author = {Douglas Bates and Martin M{\"a}chler and Ben Bolker and Steve Walker},
  journal = {Journal of Statistical Software},
  year = {2015},
  volume = {67},
  number = {1},
  pages = {1--48},
  doi = {10.18637/jss.v067.i01},
}
@Manual{R-Matrix,
  title = {Matrix: Sparse and Dense Matrix Classes and Methods},
  author = {Douglas Bates and Martin Maechler},
  year = {2018},
  note = {R package version 1.2-15},
  url = {https://CRAN.R-project.org/package=Matrix},
}
@Manual{R-base,
  title = {R: A Language and Environment for Statistical Computing},
  author = {{R Core Team}},
  organization = {R Foundation for Statistical Computing},
  address = {Vienna, Austria},
  year = {2018},
  url = {https://www.R-project.org/},
}
@article{de2008random,
  title={Random item IRT models},
  author={De Boeck, Paul},
  journal={Psychometrika},
  volume={73},
  number={4},
  pages={533},
  year={2008},
  publisher={Springer}
}
@article{flavell1963developmental,
  title={The developmental psychology of Jean Piaget.},
  author={Flavell, John H},
  year={1963},
  publisher={D Van Nostrand}
}
@article{gelman1983preschoolers,
  title={Preschoolers' counting: Principles before skill},
  author={Gelman, Rochel and Meck, Elizabeth},
  journal={Cognition},
  volume={13},
  number={3},
  pages={343--359},
  year={1983},
  publisher={Elsevier}
}
@book{borsboom2005measuring,
  title={Measuring the mind: Conceptual issues in contemporary psychometrics},
  author={Borsboom, Denny},
  year={2005},
  publisher={Cambridge University Press}
}
@article{balinsky1941analysis,
  title={An analysis of the mental factors of various age groups from nine to sixty.},
  author={Balinsky, Benjamin},
  journal={Genetic Psychology Monographs},
  year={1941},
  publisher={Heldref Publications}
}
@article{li1999test,
  title={A test of the Piagetian water-level task with Chinese students},
  author={Li, Chieh and Nuttall, Ronald L and Zhao, Shuwen},
  journal={The Journal of genetic psychology},
  volume={160},
  number={3},
  pages={369--380},
  year={1999},
  publisher={Taylor \& Francis}
}
@article{sheldrick2019establishing,
  title={Establishing new norms for developmental milestones},
  author={Sheldrick, R Christopher and Schlichting, Lauren E and Berger, Blythe and Clyne, Ailis and Ni, Pensheng and Perrin, Ellen C and Vivier, Patrick M},
  journal={Pediatrics},
  volume={144},
  number={6},
  year={2019},
  publisher={Am Acad Pediatrics}
}
@book{bayley2009bayley,
  title={Bayley-III: Bayley Scales of infant and toddler development},
  author={Bayley, Nancy},
  year={2009},
  publisher={Giunti OS}
}
@article{bricker1999ages,
  title={Ages and stages questionnaire},
  author={Bricker, Diane and Squires, Jane and Mounts, Linda and Potter, L and Nickel, Robert and Twombly, Elizabeth and Farrell, Jane},
  journal={Paul H. Brookes: Baltimore},
  year={1999}
}
@article{mccoy2019preschool,
  title={Preschool Self-Regulation and Preacademic Skills as Mediators of the Long-Term Impacts of an Early Intervention},
  author={McCoy, Dana C and Gonzalez, Kathryn and Jones, Stephanie},
  journal={Child development},
  volume={90},
  number={5},
  pages={1544--1558},
  year={2019},
  publisher={Wiley Online Library}
}
@article{chalmers2012mirt,
  title={mirt: A multidimensional item response theory package for the R environment},
  author={Chalmers, R Philip},
  journal={Journal of Statistical Software},
  volume={48},
  number={6},
  pages={1--29},
  year={2012}
}
@article{maydeu2013goodness,
  title={Goodness-of-fit assessment of item response theory models},
  author={Maydeu-Olivares, Alberto},
  journal={Measurement: Interdisciplinary Research and Perspectives},
  volume={11},
  number={3},
  pages={71--101},
  year={2013},
  publisher={Taylor \& Francis}
}
@article{mcdonald1995goodness,
  title={Goodness of fit in item response models},
  author={McDonald, Roderick P and Mok, Magdalena M-C},
  journal={Multivariate Behavioral Research},
  volume={30},
  number={1},
  pages={23--40},
  year={1995},
  publisher={Taylor \& Francis}
}
@article{vehtari2017practical,
  title={Practical Bayesian model evaluation using leave-one-out cross-validation and WAIC},
  author={Vehtari, Aki and Gelman, Andrew and Gabry, Jonah},
  journal={Statistics and computing},
  volume={27},
  number={5},
  pages={1413--1432},
  year={2017},
  publisher={Springer}
}
@article{cai2011generalized,
  title={Generalized full-information item bifactor analysis.},
  author={Cai, Li and Yang, Ji Seung and Hansen, Mark},
  journal={Psychological methods},
  volume={16},
  number={3},
  pages={221},
  year={2011},
  publisher={American Psychological Association}
}
@book{embretson2013item,
  title={Item response theory},
  author={Embretson, Susan E and Reise, Steven P},
  year={2000},
  publisher={Psychology Press}
}
@article{kaiser1959computer,
  title={Computer program for varimax rotation in factor analysis},
  author={Kaiser, Henry F},
  journal={Educational and psychological measurement},
  volume={19},
  number={3},
  pages={413--420},
  year={1959},
  publisher={Sage Publications Sage CA: Thousand Oaks, CA}
}
@Manual{tidy,
    title = {tidyverse: Easily Install and Load the 'Tidyverse'},
    author = {Hadley Wickham},
    year = {2017},
    note = {R package version 1.2.1},
    url = {https://CRAN.R-project.org/package=tidyverse},
}
@Manual{rcore,
    title = {R: A Language and Environment for Statistical Computing},
    author = {{R Core Team}},
    organization = {R Foundation for Statistical Computing},
    address = {Vienna, Austria},
    year = {2019},
    url = {https://www.R-project.org/},
  }
@article{tomasello1994instrument,
  title={The instrument is great, but measuring comprehension is still a problem.},
  author={Tomasello, Michael and Mervis, Carolyn B},
  journal={Monographs of the Society for Research in child Development},
  year={1994},
  publisher={Univ of Chicago Press}
}
@article{feldman2000measurement,
  title={Measurement properties of the MacArthur Communicative Development Inventories at ages one and two years},
  author={Feldman, Heidi M and Dollaghan, Christine A and Campbell, Thomas F and Kurs-Lasky, Marcia and Janosky, Janine E and Paradise, Jack L},
  journal={Child development},
  volume={71},
  number={2},
  pages={310--322},
  year={2000},
  publisher={Wiley Online Library}
}
@article{wordbank,
  title={Variability and Consistency in Early Language Learning},
  author={Frank, Michael and Braginsky, Mika and Marchman, Virginia and Yurovsky, Daniel},
  journal={Child development},
  year={2020},
  publisher={The Wordbank Project}
}
@article{de2007revisiting,
  title={Revisiting the dedifferentiation hypothesis with longitudinal multi-cohort data},
  author={de Frias, Cindy M and L{\"o}vd{\'e}n, Martin and Lindenberger, Ulman and Nilsson, Lars-G{\"o}ran},
  journal={Intelligence},
  volume={35},
  number={4},
  pages={381--392},
  year={2007},
  publisher={Elsevier}
}
@article{spelke1992origins,
  title={Origins of knowledge.},
  author={Spelke, Elizabeth S and Breinlinger, Karen and Macomber, Janet and Jacobson, Kristen},
  journal={Psychological review},
  volume={99},
  number={4},
  pages={605},
  year={1992},
  publisher={American Psychological Association}
}
@article{curran2008pooling,
  title={Pooling data from multiple longitudinal studies: the role of item response theory in integrative data analysis.},
  author={Curran, Patrick J and Hussong, Andrea M and Cai, Li and Huang, Wenjing and Chassin, Laurie and Sher, Kenneth J and Zucker, Robert A},
  journal={Developmental psychology},
  volume={44},
  number={2},
  pages={365},
  year={2008},
  publisher={American Psychological Association}
}
@article{rufibach2010use,
  title={Use of Brier score to assess binary predictions},
  author={Rufibach, Kaspar},
  journal={Journal of clinical epidemiology},
  volume={63},
  number={8},
  pages={938--939},
  year={2010},
  publisher={Elsevier}
}
@phdthesis{ditrapani2019assessing,
  title={Assessing the Absolute and Relative Performance of IRTrees Using Cross-Validation and the RORME Index},
  author={DiTrapani, John B},
  year={2019},
  school={The Ohio State University}
}
@article{lord1986maximum,
  title={Maximum likelihood and Bayesian parameter estimation in item response theory},
  author={Lord, Frederic M},
  journal={Journal of Educational Measurement},
  volume={23},
  number={2},
  pages={157--162},
  year={1986},
  publisher={Wiley Online Library}
}
@book{camilli1994methods,
  title={Methods for identifying biased test items},
  author={Camilli, Gregory and Shepard, Lorrie},
  volume={4},
  year={1994},
  publisher={Sage}
}
@article{pae2006examining,
  title={Examining the relationship between differential item functioning and differential test functioning},
  author={Pae, Tae-Il and Park, Gi-Pyo},
  journal={Language testing},
  volume={23},
  number={4},
  pages={475--496},
  year={2006},
  publisher={Sage Publications Sage CA: Thousand Oaks, CA}
}
@book{embretson2013item,
  title={Item response theory},
  author={Embretson, Susan E and Reise, Steven P},
  year={2000},
  publisher={Psychology Press}
}
@book{camilli1994methods,
  title={Methods for identifying biased test items},
  author={Camilli, Gregory and Shepard, Lorrie},
  volume={4},
  year={1994},
  publisher={Sage}
}
@book{hambleton1991fundamentals,
  title={Fundamentals of item response theory},
  author={Hambleton, Ronald K and Swaminathan, Hariharan and Rogers, H Jane},
  year={1991},
  publisher={Sage}
}
@book{millsap2012statistical,
  title={Statistical approaches to measurement invariance},
  author={Millsap, Roger E},
  year={2012},
  publisher={Routledge}
}
@article{zumbo2007three,
  title={Three generations of DIF analyses: Considering where it has been, where it is now, and where it is going},
  author={Zumbo, Bruno D},
  journal={Language assessment quarterly},
  volume={4},
  number={2},
  pages={223--233},
  year={2007},
  publisher={Taylor \& Francis}
}
@article{carey2010academic,
  title={Academic battle delays publication by 3 years},
  author={Carey, B},
  journal={New York Times. Retrieved from http://www. nytimes. com},
  year={2010}
}
@article{bolt2007score,
  title={Score metric equivalence of the Psychopathy Checklist--Revised (PCL-R) across criminal offenders in North America and the United Kingdom: A critique of Cooke, Michie, Hart, and Clark (2005) and new analyses},
  author={Bolt, Daniel M and Hare, Robert D and Neumann, Craig S},
  journal={Assessment},
  volume={14},
  number={1},
  pages={44--56},
  year={2007},
  publisher={Sage Publications Sage CA: Thousand Oaks, CA}
}
@article{thissen1993detection,
  title={Detection of differential item functioning using the parameters of item response models.},
  author={Thissen, David and Steinberg, Lynne and Wainer, Howard},
  year={1993},
  publisher={Lawrence Erlbaum Associates, Inc}
}
@article{penfield20065,
  title={5 Differential Item Functioning and Item Bias},
  author={Penfield, Randall D and Camilli, Gregory},
  journal={Handbook of statistics},
  volume={26},
  pages={125--167},
  year={2006},
  publisher={Elsevier}
}
@article{zwick2012review,
  title={A review of ETS differential item functioning assessment procedures: Flagging rules, minimum sample size requirements, and criterion refinement},
  author={Zwick, Rebecca},
  journal={ETS Research Report Series},
  volume={2012},
  number={1},
  pages={i--30},
  year={2012},
  publisher={Wiley Online Library}
}
@article{dejosephcapturing,
  title={Capturing Environmental Dimensions of Adversity and Resources in the Context of Poverty Across Infancy Through Early Adolescence: A Moderated Nonlinear Factor Model},
  author={DeJoseph, Meriah L and Sifre, Robin D and Raver, C Cybele and Blair, Clancy B and Berry, Daniel},
  year={2020},
  journal={Child Development},
  publisher={Wiley Online Library}
}
@article{sheldrick2019establishing,
  title={Establishing new norms for developmental milestones},
  author={Sheldrick, R Christopher and Schlichting, Lauren E and Berger, Blythe and Clyne, Ailis and Ni, Pensheng and Perrin, Ellen C and Vivier, Patrick M},
  journal={Pediatrics},
  volume={144},
  number={6},
  year={2019},
  publisher={Am Acad Pediatrics}
}
@article{lopez2020social,
  title={Social determinants of alcohol and cigarette use by race/ethnicity: Can we ignore measurement issues?},
  author={Lopez-Vergara, Hector I and Rosales, Robert and Scheuermann, Taneisha S and Nollen, Nikki L and Leventhal, Adam M and Ahluwalia, Jasjit S},
  journal={Psychological Assessment},
  volume={32},
  number={11},
  pages={1075},
  year={2020},
  publisher={American Psychological Association}
}
@article{hagquist2017recent,
  title={Recent advances in analysis of differential item functioning in health research using the Rasch model},
  author={Hagquist, Curt and Andrich, David},
  journal={Health and quality of life outcomes},
  volume={15},
  number={1},
  pages={1--8},
  year={2017},
  publisher={BioMed Central}
}
@article{crins2019differential,
  title={Differential item functioning of the PROMIS physical function, pain interference, and pain behavior item banks across patients with different musculoskeletal disorders and persons from the general population},
  author={Crins, Martine HP and Terwee, Caroline B and Ogreden, Oguzhan and Schuller, Wouter and Dekker, Paul and Flens, Gerard and Rohrich, Daphne C and Roorda, Leo D},
  journal={Quality of Life Research},
  volume={28},
  number={5},
  pages={1231--1243},
  year={2019},
  publisher={Springer}
}
@article{teresi2009analysis,
  title={Analysis of differential item functioning in the depression item bank from the Patient Reported Outcome Measurement Information System (PROMIS): An item response theory approach.},
  author={Teresi, Jeanne A and Ocepek-Welikson, Katja and Kleinman, Marjorie and Eimicke, Joseph P and Crane, Paul K and Jones, Richard N and Lai, Jin-shei and Choi, Seung W and Hays, Ron D and Reeve, Bryce B and others},
  journal={Psychology Science},
  year={2009},
  publisher={PABST Science Publishers}
}
@article{camilli2013ongoing,
  title={Ongoing issues in test fairness},
  author={Camilli, Gregory},
  journal={Educational Research and Evaluation},
  volume={19},
  number={2-3},
  pages={104--120},
  year={2013},
  publisher={Taylor \& Francis}
}
@article{angoff1993perspectives,
  title={Perspectives on differential item functioning methodology.},
  author={Angoff, William H},
  year={1993},
  publisher={Lawrence Erlbaum Associates, Inc}
}
@article{narayanon1996identification,
  title={Identification of items that show nonuniform DIF},
  author={Narayanon, Pankaja and Swaminathan, Hariharan},
  journal={Applied Psychological Measurement},
  volume={20},
  number={3},
  pages={257--274},
  year={1996},
  publisher={Sage Publications Sage CA: Thousand Oaks, CA}
}
@article{borsboom2006attack,
  title={The attack of the psychometricians},
  author={Borsboom, Denny},
  journal={Psychometrika},
  volume={71},
  number={3},
  pages={425},
  year={2006},
  publisher={Springer}
}
@article{casey1995influence,
  title={The influence of spatial ability on gender differences in mathematics college entrance test scores across diverse samples.},
  author={Casey, M Beth and Nuttall, Ronald and Pezaris, Elizabeth and Benbow, Camilla Persson},
  journal={Developmental psychology},
  volume={31},
  number={4},
  pages={697},
  year={1995},
  publisher={American Psychological Association}
}
@article{cai2019gender,
  title={Gender Gap under Pressure: Evidence from China's National College Entrance Examination},
  author={Cai, Xiqian and Lu, Yi and Pan, Jessica and Zhong, Songfa},
  journal={Review of Economics and Statistics},
  volume={101},
  number={2},
  pages={249--263},
  year={2019},
  publisher={MIT Press}
}
@article{cooke2005assessing,
  title={Assessing psychopathy in the UK: concerns about cross-cultural generalisability},
  author={Cooke, David J and Michie, Christine and Hart, Stephen D and Clark, Danny},
  journal={The British Journal of Psychiatry},
  volume={186},
  number={4},
  pages={335--341},
  year={2005},
  publisher={Cambridge University Press}
}
